<record><leader>00000cas a22000007a 4500</leader><controlfield tag="001">15004667</controlfield><controlfield tag="008">861223d18501855iauwr ne      0    0eng d</controlfield><datafield ind1=" " ind2=" " tag="010"><subfield code="a">sn 86083456 </subfield></datafield><datafield ind1=" " ind2=" " tag="040"><subfield code="a">NPH</subfield><subfield code="b">eng</subfield><subfield code="c">NPH</subfield><subfield code="d">INP</subfield><subfield code="d">OCLCQ</subfield></datafield><datafield ind1=" " ind2=" " tag="042"><subfield code="a">msc</subfield></datafield><datafield ind1="0" ind2=" " tag="130"><subfield code="a">Oskaloosa herald (Oskaloosa, Iowa : 1850)</subfield></datafield><datafield ind1="1" ind2="4" tag="245"><subfield code="a">The Oskaloosa herald.</subfield></datafield><datafield ind1=" " ind2=" " tag="260"><subfield code="a">Oskaloosa, Iowa :</subfield><subfield code="b">J.R. Needham,</subfield><subfield code="c">-1855.</subfield></datafield><datafield ind1=" " ind2=" " tag="300"><subfield code="a">v.</subfield></datafield><datafield ind1=" " ind2=" " tag="310"><subfield code="a">Weekly</subfield></datafield><datafield ind1="1" ind2=" " tag="362"><subfield code="a">Began in Nov. 1850.</subfield></datafield><datafield ind1="0" ind2=" " tag="362"><subfield code="a">-v. 5, no. 39 (May 25, 1855).</subfield></datafield><datafield ind1=" " ind2=" " tag="500"><subfield code="a">Publisher: H. McNeely, &lt;1852&gt;.</subfield></datafield><datafield ind1=" " ind2=" " tag="515"><subfield code="a">Issues for &lt;Aug. 20, 1852&gt;-May 25, 1855 also numbered consecutively no. &lt;105&gt;-247.</subfield></datafield><datafield ind1=" " ind2=" " tag="588"><subfield code="a">Description based on: Vol. 3, no. 1 (Aug. 20, 1852).</subfield></datafield><datafield ind1=" " ind2=" " tag="752"><subfield code="a">United States</subfield><subfield code="b">Iowa</subfield><subfield code="c">Mahaska</subfield><subfield code="d">Oskaloosa.</subfield></datafield><datafield ind1="0" ind2="0" tag="780"><subfield code="t">Iowa herald</subfield></datafield><datafield ind1="0" ind2="0" tag="785"><subfield code="t">Weekly Oskaloosa herald</subfield><subfield code="w">(DLC)sn 84027329</subfield></datafield></record>